<record><leader>00000cas a22000007a 4500</leader><controlfield tag="001">11557672</controlfield><controlfield tag="008">850108u183uuuuuohuuu ne      0    0eng d</controlfield><datafield ind1=" " ind2=" " tag="010"><subfield code="a">sn 84035652 </subfield></datafield><datafield ind1=" " ind2=" " tag="040"><subfield code="a">NYG</subfield><subfield code="b">eng</subfield><subfield code="c">NYG</subfield><subfield code="d">OCLCQ</subfield></datafield><datafield ind1=" " ind2=" " tag="042"><subfield code="a">msc</subfield></datafield><datafield ind1="0" ind2="0" tag="245"><subfield code="a">Youth's lyceum and literary gazette.</subfield></datafield><datafield ind1=" " ind2=" " tag="260"><subfield code="a">Xenia, Ohio :</subfield><subfield code="b">Youth's Lyceum</subfield></datafield><datafield ind1=" " ind2=" " tag="300"><subfield code="a">v. ;</subfield><subfield code="c">50 cm.</subfield></datafield><datafield ind1=" " ind2=" " tag="588"><subfield code="a">Description based on: Vol. 1, no. 17 (Feb. 16, 1835).</subfield></datafield><datafield ind1=" " ind2=" " tag="752"><subfield code="a">United States</subfield><subfield code="b">Ohio</subfield><subfield code="c">Greene</subfield><subfield code="d">Xenia.</subfield></datafield><datafield ind1="1" ind2=" " tag="029"><subfield code="a">AU@</subfield><subfield code="b">000025807201</subfield></datafield></record>